@book{sumuna,
	author = {Sumuna},
	title = {MOTEURS ALTERNATIFS A COMBUSTION INTERNE},
	date = {12 avril 2024},
}
@book{initiation,
	author = "Noël Brunetière",
	title = "Initiation à la tribologie",
	year = "2016",
	publisher = "Institut Pprime - Futuroscope",
}
@MastersThesis{ayad1,
	author = "Amar AYAD",
	title = "ETUDE DU CONTACT SEGMENT RACLEUR/
	CHEMISE DANS UN MOTEUR À COMBUSTION
	INTERNE",
	school = "UNIVERSITE BADJI MOKHTAR-ANNABA",
	year = "2008",
}
@book{tecauto,
	author = {HUBERT MÈMETEAU, BRUNO COLLOMB},
	title = {Technologie fonctionnelle de l'automobile},
	publisher = "Dunod",
	year = "2014",

	
}


@Book{tribo1,
	author = "Michael M. Khonsari E. Richard Booser",
	title = "Applied Tribology, Bearing Design and Lubrification",
	publisher = "Wiley",
	year = "2017",
}


@Book{trobo2,
	author = {Robert W. Bruce},
	title = {HANDBOOK of
	LUBRICATION
	and TRIBOLOGY},
	publisher = {Taylor & Francis},
	year = {2012},
}

@PhdThesis{these1,
	author = {Costin Alin CACIU},
	title = {Analyse et optimisation des surfaces
	des chemises de moteurs thermiques},
	school = {l’´Ecole Nationale Sup´erieure des Mines de Paris},
	year = {Soutenue le 15 Mai 2006},
	address = {Fontainebleau},
}
@InBook{approche,
	ALTauthor = {Yunus A. Çengel, Michael A. Boles},
	title = {THERMODYNAMIQUE, une approche pragmatique},
	chapter = {chapter 9},
	publisher = {Chanelière éducation},
	year = {2014},
}
@PhdThesis{Amal,
	author = {Amal Hriouech},
	title = {Étude de surfaces texturées pour chemise moteur : physico-chimie des tribofilms et lois de frottement associées},
	school = { L’UNIVERSITÉ DE LYON},
	year = {15 novembre 2021},
}

